% This is annote.bib
% Author: Ayman Ammoura
% A demo for CMPUT 603 Fall 2002.
% The order of the following entries is irrelevant. They will be sorted according to the
% bibliography style used.
%%%%%%%%%%%%%%%%%%%%%%%%%%%%%%%%%%%%%%%%%%%%%%%%%%%%%%%%%%%%%%%%%%%%%%%%%%%%%%%%%%%%%%%%%

@article{Rompf:2014:SPJ:2666356.2594316,
 author = {Rompf, Tiark and Sujeeth, Arvind K. and Brown, Kevin J. and Lee, HyoukJoong and Chafi, Hassan and Olukotun, Kunle},
 title = {Surgical Precision JIT Compilers},
 journal = {SIGPLAN Not.},
 issue_date = {June 2014},
 volume = {49},
 number = {6},
 month = jun,
 year = {2014},
 issn = {0362-1340},
 pages = {41--52},
 numpages = {12},
 url = {http://doi.acm.org/10.1145/2666356.2594316},
 doi = {10.1145/2666356.2594316},
 acmid = {2594316},
 publisher = {ACM},
 address = {New York, NY, USA},
 keywords = {JIT compilation, program generation, staging},
} 

%%
@article{Lifflander:2017:CLO:3140587.3062385,
 author = {Lifflander, Jonathan and Krishnamoorthy, Sriram},
 title = {Cache Locality Optimization for Recursive Programs},
 journal = {SIGPLAN Not.},
 issue_date = {June 2017},
 volume = {52},
 number = {6},
 month = jun,
 year = {2017},
 issn = {0362-1340},
 pages = {1--16},
 numpages = {16},
 url = {http://doi.acm.org/10.1145/3140587.3062385},
 doi = {10.1145/3140587.3062385},
 acmid = {3062385},
 publisher = {ACM},
 address = {New York, NY, USA},
 keywords = {locality optimization, recursive programs},
}

%%
@article{Stock:2014:FED:2666356.2594342,
 author = {Stock, Kevin and Kong, Martin and Grosser, Tobias and Pouchet, Louis-No\"{e}l and Rastello, Fabrice and Ramanujam, J. and Sadayappan, P.},
 title = {A Framework for Enhancing Data Reuse via Associative Reordering},
 journal = {SIGPLAN Not.},
 issue_date = {June 2014},
 volume = {49},
 number = {6},
 month = jun,
 year = {2014},
 issn = {0362-1340},
 pages = {65--76},
 numpages = {12},
 url = {http://doi.acm.org/10.1145/2666356.2594342},
 doi = {10.1145/2666356.2594342},
 acmid = {2594342},
 publisher = {ACM},
 address = {New York, NY, USA},
}

%%
@article{Dissegna:2014:TCA:2578855.2535866,
 author = {Dissegna, Stefano and Logozzo, Francesco and Ranzato, Francesco},
 title = {Tracing Compilation by Abstract Interpretation},
 journal = {SIGPLAN Not.},
 issue_date = {January 2014},
 volume = {49},
 number = {1},
 month = jan,
 year = {2014},
 issn = {0362-1340},
 pages = {47--59},
 numpages = {13},
 url = {http://doi.acm.org/10.1145/2578855.2535866},
 doi = {10.1145/2578855.2535866},
 acmid = {2535866},
 publisher = {ACM},
 address = {New York, NY, USA},
 keywords = {abstract interpretation, trace semantics, tracing compilation},
}

%%
@inproceedings{Ainsworth:2017:SPI:3049832.3049865,
 author = {Ainsworth, Sam and Jones, Timothy M.},
 title = {Software Prefetching for Indirect Memory Accesses},
 booktitle = {Proceedings of the 2017 International Symposium on Code Generation and Optimization},
 series = {CGO '17},
 year = {2017},
 isbn = {978-1-5090-4931-8},
 location = {Austin, USA},
 pages = {305--317},
 numpages = {13},
 url = {http://dl.acm.org/citation.cfm?id=3049832.3049865},
 acmid = {3049865},
 publisher = {IEEE Press},
 address = {Piscataway, NJ, USA},
 keywords = {Compiler Analysis, Software Prefetching},
} 

%%
@inproceedings{7863738,
author={K. A. Tran and T. E. Carlson and K. Koukos and M. Sj√§lander and V. Spiliopoulos and S. Kaxiras and A. Jimborean},
booktitle={2017 IEEE/ACM International Symposium on Code Generation and Optimization (CGO)},
title={Clairvoyance: Look-ahead compile-time scheduling},
year={2017},
volume={},
number={},
pages={171-184},
keywords={optimisation;program compilers;scheduling;OoO execution engine;clairvoyance;look-ahead compile-time scheduling;out-of-order execution engine;single-threaded execution;standard O3 optimizations;Engines;Hardware;Memory management;Parallel processing;Performance evaluation;Prefetching;Registers},
doi={10.1109/CGO.2017.7863738},
ISSN={},
month={Feb},
}

%%
@inproceedings{Paisante:2016:SRA:2854038.2854050,
 author = {Paisante, Vitor and Maalej, Maroua and Barbosa, Leonardo and Gonnord, Laure and Quint\~{a}o Pereira, Fernando Magno},
 title = {Symbolic Range Analysis of Pointers},
 booktitle = {Proceedings of the 2016 International Symposium on Code Generation and Optimization},
 series = {CGO '16},
 year = {2016},
 isbn = {978-1-4503-3778-6},
 location = {Barcelona, Spain},
 pages = {171--181},
 numpages = {11},
 url = {http://doi.acm.org/10.1145/2854038.2854050},
 doi = {10.1145/2854038.2854050},
 acmid = {2854050},
 publisher = {ACM},
 address = {New York, NY, USA},
 keywords = {Alias analysis, precision, range analysis, speed},
}



